<?xml version="1.0" encoding="UTF-8"?><collection xmlns="http://www.loc.gov/MARC21/slim"><record><leader>00363nam--2200133-i-4500</leader><controlfield tag="001">000001330</controlfield><controlfield tag="002">20161230</controlfield><controlfield tag="005">20161230201024</controlfield><controlfield tag="008">060222s1000------------r-----000-0-eng-d</controlfield><datafield ind1=" " ind2=" " tag="080"><subfield code="a">621.38.004.6</subfield></datafield><datafield ind1=" " ind2=" " tag="245"><subfield code="a">Reability factors for ground electronic equipement</subfield></datafield><datafield ind1=" " ind2=" " tag="260"><subfield code="a">New York, Mcgraw-hill, 1956. Viii + Pag Div</subfield></datafield><datafield ind1=" " ind2=" " tag="700"><subfield code="a">Henney, Keith /S.A.</subfield></datafield><datafield ind1=" " ind2=" " tag="852"><subfield code="a">11968</subfield></datafield></record></collection>